@Book{Kobler1989,
  author    = {K{\"o}bler, Gerhard},
  title     = {Gotisches W{\"o}rterbuch},
  year      = {1989},
  publisher = {Brill},
  eprint    = {2014},
  url       = {https://www.koeblergerhard.de/got/got.html},
  urldate   = {2022-11-20},
}