@book{Kobler1989,
    author = {K{\"o}bler, Gerhard},
    eprint = {2014},
    publisher = {Brill},
    title = {Gotisches W{\"o}rterbuch},
    url = {https://www.koeblergerhard.de/got/got.html},
    urldate = {2022-11-20},
    year = {1989}
}
